<record><leader>00000cas a22000007a 4500</leader><controlfield tag="001">12280001</controlfield><controlfield tag="008">850718d18971899mtuwr ne      0    0eng d</controlfield><datafield ind1=" " ind2=" " tag="010"><subfield code="a">sn 85053201 </subfield></datafield><datafield ind1=" " ind2=" " tag="040"><subfield code="a">MTL</subfield><subfield code="b">eng</subfield><subfield code="c">MTL</subfield><subfield code="d">OCLCQ</subfield></datafield><datafield ind1=" " ind2=" " tag="042"><subfield code="a">msc</subfield></datafield><datafield ind1="0" ind2="4" tag="245"><subfield code="a">The Libby Montanian.</subfield></datafield><datafield ind1=" " ind2=" " tag="260"><subfield code="a">Libby, Mont. :</subfield><subfield code="b">D.A. Hendricks,</subfield><subfield code="c">1897-1899.</subfield></datafield><datafield ind1=" " ind2=" " tag="300"><subfield code="a">4 v. :</subfield><subfield code="b">ill. (chiefly ads.) ;</subfield><subfield code="c">50 cm.</subfield></datafield><datafield ind1=" " ind2=" " tag="310"><subfield code="a">Weekly</subfield></datafield><datafield ind1="0" ind2=" " tag="362"><subfield code="a">Vol. 3, no. 39 (Aug. 14, 1897)-v. 6, no. 4 (Dec. 16, 1899).</subfield></datafield><datafield ind1=" " ind2=" " tag="752"><subfield code="a">United States</subfield><subfield code="b">Montana</subfield><subfield code="c">Lincoln</subfield><subfield code="d">Libby.</subfield></datafield><datafield ind1="0" ind2="0" tag="780"><subfield code="t">Weekly Montanian (Thompson Falls, Mont.)</subfield><subfield code="w">(DLC)sn 84036085</subfield></datafield><datafield ind1="0" ind2="0" tag="785"><subfield code="t">Weekly Montanian (Libby, Mont.)</subfield><subfield code="w">(DLC)sn 85053202</subfield></datafield></record>